<record><leader>00000cas a2200000 a 4500</leader><controlfield tag="001">22645806</controlfield><controlfield tag="008">901107d189u189uiludn ne      0   a0eng c</controlfield><datafield ind1=" " ind2=" " tag="010"><subfield code="a">sn 90054829 </subfield></datafield><datafield ind1=" " ind2=" " tag="040"><subfield code="a">NVF</subfield><subfield code="b">eng</subfield><subfield code="c">NVF</subfield><subfield code="d">OCLCQ</subfield><subfield code="d">NVF</subfield><subfield code="d">OCLCQ</subfield><subfield code="d">OCLCF</subfield><subfield code="d">OCLCO</subfield><subfield code="d">NVF</subfield></datafield><datafield ind1=" " ind2=" " tag="042"><subfield code="a">pcc</subfield></datafield><datafield ind1=" " ind2=" " tag="043"><subfield code="a">n-us-il</subfield></datafield><datafield ind1="0" ind2="4" tag="245"><subfield code="a">The Pana evening palladium.</subfield></datafield><datafield ind1=" " ind2=" " tag="260"><subfield code="a">Pana, Ill. :</subfield><subfield code="b">J. Swallow</subfield></datafield><datafield ind1=" " ind2=" " tag="300"><subfield code="a">v.</subfield></datafield><datafield ind1=" " ind2=" " tag="310"><subfield code="a">Daily (except Sunday)</subfield></datafield><datafield ind1=" " ind2=" " tag="588"><subfield code="a">Description based on: Vol. 6, no. 117 (Jan. 4, 1893).</subfield></datafield><datafield ind1=" " ind2=" " tag="588"><subfield code="a">Latest issue consulted: Jan. 20, 1893.</subfield></datafield><datafield ind1=" " ind2="0" tag="651"><subfield code="a">Pana (Ill.)</subfield><subfield code="v">Newspapers.</subfield></datafield><datafield ind1=" " ind2="7" tag="651"><subfield code="a">Illinois</subfield><subfield code="z">Pana.</subfield><subfield code="2">fast</subfield><subfield code="0">(OCoLC)fst01217942</subfield></datafield><datafield ind1=" " ind2="7" tag="655"><subfield code="a">Newspapers.</subfield><subfield code="2">fast</subfield><subfield code="0">(OCoLC)fst01423814</subfield></datafield><datafield ind1=" " ind2=" " tag="752"><subfield code="a">United States</subfield><subfield code="b">Illinois</subfield><subfield code="c">Christian County</subfield><subfield code="d">Pana.</subfield></datafield><datafield ind1="0" ind2=" " tag="775"><subfield code="t">Pana palladium (Pana, Ill. : 1873)</subfield><subfield code="w">(DLC)sn 84038601</subfield><subfield code="w">(OCoLC)11357635</subfield></datafield><datafield ind1="0" ind2="0" tag="780"><subfield code="t">Pana daily palladium (Pana, Ill. : 1890)</subfield><subfield code="w">(DLC)sn 90054828</subfield><subfield code="w">(OCoLC)22645720</subfield></datafield><datafield ind1="0" ind2="0" tag="785"><subfield code="t">Pana daily palladium (Pana, Ill. : 1898)</subfield><subfield code="w">(DLC)sn 90054830</subfield><subfield code="w">(OCoLC)22645876</subfield></datafield><datafield ind1="1" ind2=" " tag="029"><subfield code="a">AU@</subfield><subfield code="b">000025865536</subfield></datafield></record>